@misc{FRVT,
  author =       "NIST",
  year =         "2010",
  month 	=     July,
  title =        "Face Recognition Vendor Test (FRVT)",
  lastaccessed = "November 2, 2017",
  url =          "https://www.nist.gov/programs-projects/face-recognition-vendor-test-frvt",
}

@misc{MBGC,
  author =       "NIST",
  year =         "2010",
  month 	=     "December",
  title =        "Multiple Biometric Grand Challenge (MBGC)",
  lastaccessed = "November 2, 2017",
  url =          "https://www.nist.gov/programs-projects/multiple-biometric-grand-challenge-mbgc",
}



@misc{LFW,
  author =       "UMASS",
  year =         "2010",
  month 	=     "December",
  title =        "Labeled Faces in the Wild Home",
  lastaccessed = "November 2, 2017",
  url =          "http://vis-www.cs.umass.edu/lfw/index.html#views",
}



@misc{crime,
  author =       "Catherine Shu",
  year =         "2016",
  month 	=     "November",
  day =           "28",
  title =        "A.I., Crime And Facial Recognition",
  lastaccessed = "November 2, 2017",
  url =          "https://www.huffingtonpost.com/adi-gaskell/ai-crime-and-facial-recognition_b_13167524.html",
}

@misc{bigdata,
  author =       "Jim Scott",
  year =         "2016",
  month 	=     "May",
  day =           "31",
  title =        "Big Data: Facial Recognition and the Biometrics Movement",
  lastaccessed = "November 2, 2017",
  url =          "https://www.ibm.com/blogs/watson/2017/03/reaching-new-records-in-speech-recognition/",
}

@article{geo,
author = {Wael Ouarda,Hanene Trichili,  Adel M. Alimi, Basel Solaiman},
title = {Face recognition based on geometric features using Support Vector Machines},
booktitle = {},
year = {2014},
month = {Auguest},
publisher = {IEEE â€“ Institute of Electrical and Electronics Engineers},
url = {http://ieeexplore.ieee.org/document/7007987/},
address = {},
journal = {2014 6th International Conference of Soft Computing and Pattern Recognition},
}

@misc{temp,
  author =       "Tal Hassner, Iacopo Masi, Jungyeon Kim, Jongmoo Choi, Shai Harel, Prem Natarajan, Gerard Medioni",
  year =         "2016",
  month 	=     "July",
  day =           "06",
  title =        "Pooling Faces: Template based Face Recognition with Pooled Face Images",
  lastaccessed = "November 2, 2017",
  url =          "https://arxiv.org/abs/1607.01450",
}



