
@misc{wiki,
  author =       "Wikipedia",
  year =         "2004",
  month 	=     mar,
  title =        "Speech Recognition",
  lastaccessed = "October 2, 2017",
  url =          "https://en.wikipedia.org/wiki/Speech_recognition",
}

@misc{echo,
  author =       "Samantha Gordon, Daniel Wroclawski",
  year =         "2017",
  month 	=     "September",
  day =           "27",
  title =        "Everything that works with Amazon Echo and Alexa",
  lastaccessed = "October 2, 2017",
  url =          "http://smarthome.reviewed.com/features/everything-that-works-with-amazon-echo-alexa",
}





@techreport{40491,
title = {Large Scale Language Modeling in Automatic Speech Recognition},
author  = {Ciprian Chelba and Dan Bikel and Maria Shugrina and Patrick Nguyen and Shankar Kumar},
year  = 2012,
institution = {Google}
}

@misc{microsoft,
  author =       "Catherine Shu",
  year =         "2017",
  month 	=     "August",
  day =           "20",
  title =        "Microsoft’s speech recognition system hits a new accuracy milestone",
  lastaccessed = "October 2, 2017",
  url =          "https://techcrunch.com/2017/08/20/microsofts-speech-recognition-system-hits-a-new-accuracy-milestone/",
}

@misc{ibm,
  author =       "George Saon",
  year =         "2017",
  month 	=     "March",
  day =           "07",
  title =        "Reaching new records in speech recognition",
  lastaccessed = "October 2, 2017",
  url =          "https://www.ibm.com/blogs/watson/2017/03/reaching-new-records-in-speech-recognition/",
}

@misc{medium,
  author =       "Adam Geitgey",
  year =         "2016",
  month 	=     "December",
  day =           "24",
  title =        "Machine Learning is Fun Part 6: How to do Speech Recognition with Deep Learning",
  lastaccessed = "October 2, 2017",
  url =          "https://medium.com/@ageitgey/machine-learning-is-fun-part-6-how-to-do-speech-recognition-with-deep-learning-28293c162f7a",
}

@misc{hxd,
  author =       "Microsoft Asia Research Institute",
  year =         "2017",
  month 	=     "April",
  day =           "24",
  title =        "Huang Xuandong: How does Microsoft use artificial intelligence to do voice recognition?",
  lastaccessed = "October 2, 2017",
  url =          "http://www.msra.cn/zh-cn/news/features/xuedong-huang-talk-20170424",
}

@misc{LSTM,
  author =       "Rowel Atienza",
  year =         "2017",
  month 	=     "March",
  day =           "18",
  title =        "LSTM by Example using Tensorflow",
  lastaccessed = "October 2, 2017",
  url =          "https://medium.com/towards-data-science/lstm-by-example-using-tensorflow-feb0c1968537",
}

@article{cnn,
author = {Abdel-Hamid, Ossama and Mohamed, Abdel-rahman and Jiang, Hui and Deng, Li and Penn, Gerald and Yu, Dong},
title = {Convolutional Neural Networks for Speech Recognition},
booktitle = {},
year = {2014},
month = {October},
publisher = {IEEE – Institute of Electrical and Electronics Engineers},
url = {https://www.microsoft.com/en-us/research/publication/convolutional-neural-networks-for-speech-recognition-2/},
address = {},
pages = {1533-1545},
journal = {IEEE/ACM Transactions on Audio, Speech, and Language Processing},
volume = {22},
chapter = {},
isbn = {},
}

@misc{siri,
  author =       " Bernard Marr",
  year =         "2015",
  month 	=     "May",
  day =           "22",
  title =        "How Apple Uses Big Data To Drive Success",
  lastaccessed = "October 2, 2017",
  url =          "http://www.datasciencecentral.com/profiles/blogs/how-apple-uses-big-data-to-drive-success",
}

@misc{google,
  author =       "APRIL GLASER",
  year =         "2017",
  month 	=     "May",
  day =           "31",
  title =        "Google’s ability to understand language is nearly equivalent to humans",
  lastaccessed = "October 2, 2017",
  url =          "https://www.recode.net/2017/5/31/15720118/google-understand-language-speech-equivalent-humans-code-conference-mary-meeker",
}

@misc{ann,
  author =       "Margi Murphy",
  year =         "2015",
  month 	=     "August",
  day =           "19",
  title =        "Everything you need to know about deep learning and neural networks",
  lastaccessed = "October 2, 2017",
  url =          "https://www.techworld.com/data/why-does-google-need-deep-neural-network-deep-learning-3623340/",
}



@misc{hmm,
  author =       "Asta Speaks",
  year =         "2011",
  month 	=     "Apirl",
  day =           "19",
  title =        "History and Theoretical Basics of Hidden Markov Models",
  lastaccessed = "October 2, 2017",
  url =          "https://www.intechopen.com/books/authors/hidden-markov-models-theory-and-applications/history-and-theoretical-basics-of-hidden-markov-models",
}


@misc{audrey,
  author =       "Asta Speaks",
  year =         "2014",
  month 	=     "October",
  day =           "14",
  title =        "Audrey: The First Speech Recognition System",
  lastaccessed = "October 2, 2017",
  url =          "https://astaspeaks.wordpress.com/2014/10/13/audrey-the-first-speech-recognition-system/",
}

